<record><leader>00000cas a22000007a 4500</leader><controlfield tag="001">18768395</controlfield><controlfield tag="008">881116d18901957mouwr ne      0    0eng d</controlfield><datafield ind1=" " ind2=" " tag="010"><subfield code="a">sn 88068099 </subfield></datafield><datafield ind1=" " ind2=" " tag="040"><subfield code="a">MQN</subfield><subfield code="b">eng</subfield><subfield code="c">MQN</subfield><subfield code="d">OCLCQ</subfield></datafield><datafield ind1="0" ind2="4" tag="245"><subfield code="a">The Albany capital.</subfield></datafield><datafield ind1=" " ind2=" " tag="260"><subfield code="a">Albany, Gentry County, Mo. :</subfield><subfield code="b">Davidson &amp; Fair</subfield></datafield><datafield ind1=" " ind2=" " tag="300"><subfield code="a">v.</subfield></datafield><datafield ind1=" " ind2=" " tag="310"><subfield code="a">Weekly</subfield></datafield><datafield ind1="1" ind2=" " tag="362"><subfield code="a">Began in 1890?</subfield></datafield><datafield ind1="0" ind2=" " tag="362"><subfield code="a">-v. 67, no. 29 (Jan. 10, 1957).</subfield></datafield><datafield ind1=" " ind2=" " tag="588"><subfield code="a">Description based on: Vol. 11, no. 43 (Aug. 2, 1901).</subfield></datafield><datafield ind1=" " ind2="4" tag="651"><subfield code="a">Albany (Mo.)</subfield><subfield code="v">Newspapers.</subfield></datafield><datafield ind1=" " ind2=" " tag="752"><subfield code="a">United States</subfield><subfield code="b">Missouri</subfield><subfield code="c">Gentry</subfield><subfield code="d">Albany.</subfield></datafield><datafield ind1="0" ind2="4" tag="785"><subfield code="t">Albany ledger</subfield><subfield code="w">(DLC)sn 86053771</subfield></datafield></record>